@article {MR965860,
    AUTHOR = {Osher, Stanley and Sethian, James A.},
     TITLE = {Fronts propagating with curvature-dependent speed: algorithms
              based on {H}amilton-{J}acobi formulations},
   JOURNAL = {J. Comput. Phys.},
  FJOURNAL = {Journal of Computational Physics},
    VOLUME = {79},
      YEAR = {1988},
    NUMBER = {1},
     PAGES = {12--49},
      ISSN = {0021-9991},
   MRCLASS = {80A25 (80-08)},
  MRNUMBER = {965860},
       DOI = {10.1016/0021-9991(88)90002-2},
       URL = {https://doi.org/10.1016/0021-9991(88)90002-2},
}